replace these by your own resources

@article{moore_hard_tiling,
  author  = {C. Moore and J. M. Robson},
  title   = {Hard Tiling Problems with Simple Tiles},
  doi     = {10.1007/s00454-001-0047-6},
  journal = {Discrete {\&} Computational Geometry},
  month   = jan,
  number  = {4},
  pages   = {573-590},
  volume  = {26},
  year    = {2001}
}

@book{golomb_polyomino_book,
  author    = {S. W. Golomb},
  title     = {Polyominoes: Puzzles, patterns, problems, and packings},
  edition   = {2nd},
  publisher = {Princeton University Press},
  year      = {1994}
}

@misc{cadical_github,
  author       = {A. Biere},
  title        = {{CaDiCaL} {S}implified {S}atisfiability {S}olver},
  note         = {Retrieved May 5, 2022},
  howpublished = {\url{https://github.com/arminbiere/cadical}}
}

@manual{sage,
  author = {{The Sage Developers}},
  title  = {{S}ageMath, the {S}age {M}athematics {S}oftware {S}ystem ({V}ersion 9.4)},
  key    = {SageMath},
  note   = {\url{https://www.sagemath.org}},
  year   = {2021}
}

@manual{utok_na_kataster_aktuality,
  title = {{Útok na kataster: Hlavný systém nepôjde ešte dlho, do riešenia zapojili zahraničných expertov}},
  note  = {{12. január 2025, \url{https://www.aktuality.sk/clanok/cnfy4sp/utok-na-kataster-hlavny-system-nepojde-este-dlho-do-riesenia-zapojili-zahranicnych-expertov/}}}
}

@manual{utok_na_kataster_vykupne,
  title = {{Čo nové vieme o hacknutí katastra: 7-ciferné výkupné, chabé zálohy dát, hroziaci chaos}},
  note  = {{8. január 2025, \url{https://zive.aktuality.sk/clanok/b5zVECn/co-nove-vieme-o-hacknuti-katastra-7-ciferne-vykupne-chabe-zalohy-dat-hroziaci-chaos/}}}
}
@manual{linkedin_post_mortem_analyza_perimetra_katastra,
  title = {{Post mortem analýza perimetra Katastra}},
  note  = {{9. január 2025, \url{https://www.linkedin.com/pulse/post-mortem-anal%C3%BDza-perimetra-katastra-martin-fabry-yq8ve/}}}
}
@manual{otvaranie_katastralnych_udajov_zive,
  title = {{Post mortem analýza perimetra Katastra}},
  note  = {{22. január 2025, \url{https://zive.aktuality.sk/clanok/1RE7Q19/postupne-otvaraju-katastralne-urady-pozrite-si-kde-zoznam-a-mapa/}}}
}

@manual{utok_na_trencin_zive,
  title = {{Hackeri nedávno útočili aj na vodárne slovenského mesta. O časti záloh na katastri vraj útočníci nevedeli}},
  note  = {{20. január 2025, \url{https://zive.aktuality.sk/clanok/aJpHWCW/hackeri-nedavno-utocili-aj-na-vodarne-slovenskeho-mesta-o-casti-zaloh-na-katastri-vraj-utocnici-nevedeli/}}}
}
@manual{utok_na_vszp_zive,
  title = {{Všeobecná zdravotná poisťovňa pre kybernetické útoky dočasne pozastavila službu eRecept}},
  note  = {{29. január 2025, \url{https://zive.aktuality.sk/clanok/AwmekDY/vseobecna-zdravotna-poistovna-pre-kyberneticke-utoky-docasne-pozastavila-sluzbu-erecept/}}}
}
@manual{utok_na_polsko_zive,
  title = {{Pri útoku hackerov v Poľsku unikli osobné údaje obyvateľov}},
  note  = {{17. január 2025, \url{https://zive.aktuality.sk/clanok/ah9V9rF/pri-utoku-hackerov-v-polsku-unikli-osobne-udaje-obyvatelov/}}}
}
@manual{utok_na_polsko_eurocert,
  title = {{Attack on EuroCert – Official Statement}},
  note  = {{15. január 2025, \url{https://eurocert.pl/en/atak-na-eurocert-oswiadczenie/}}}
}
@manual{pocet_kyberutokov_na_slovensku,
  title = {{Počet kyberútokov na organizácie na Slovensku vzrástol medziročne o tretinu}},
  note  = {{30. december 2024, \url{https://zive.aktuality.sk/clanok/KoZhOXt/pocet-kyberutokov-na-organizacie-na-slovensku-vzrastol-medzirocne-o-tretinu/}}}
}
@manual{enisa_cybersecurity_threat_landscape_2024,
  title = {{ENISA THREAT LANDSCAPE 2024}},
  note  = {{september 2024, \url{https://www.enisa.europa.eu/sites/default/files/2024-11/ENISA%20Threat%20Landscape%202024_0.pdf}}}
}
@manual{it_expert_radio_express,
  title = {{IT expert: Zaplatiť hackerom výkupné nie je dobrá stratégia, útok by sa mohol aj tak zopakovať}},
  note  = {{14 január 2025, 30-minúta \url{https://podmaz.sk/podcast/brano-zavodsky-nazivo/9385994339-it-expert-zaplatit-hackerom-vykupne-nie-je-dobra-strategia-utok-by-sa-mohol-aj-tak-zopakovat}}}
}
@manual{enisa_cybersecurity_definition_gaps,
  title = {{Definition of Cybersecurity, Gaps and overlaps in standardisation}},
  note  = {{december 2015, \url{https://www.enisa.europa.eu/sites/default/files/publications/Cybersecurity_Definition_Gaps_v1_0.pdf}}}
}
@manual{KUdIKBaMVS,
  title = {{Krátky úvod do informačnej a kybernetickej bezpečnosti a Malý výkladový slovník}},
  note  = {{február 2022, \url{https://mirri.gov.sk/wp-content/uploads/2022/02/KB-K1_2_3-uvod-do-KIB_slovnik_ver1.1.pdf}}}
}
@manual{nist_about,
  title = {{About NIST}},
  note  = {{\url{https://www.nist.gov/about-nist}}}
}
@book{nist_sp_800_37,
  title = {NIST Special Publication 800-37, Risk Management Framework for Information Systems and Organizations, Revision 2},
  year  = {2018}
}
@book{nist_sp_800_30,
  title = {NIST Special Publication 800-30, Guide for Conducting Risk Assessments, Revision 1},
  year  = {2012}
}
@manual{iso_27000,
  title = {{ISO/IEC 27000 family, Information security management}},
  note  = {{\url{https://www.iso.org/standard/iso-iec-27000-family}}}
}
@manual{iso_27005,
  title = {{ISO/IEC 27005:2022 Information security, cybersecurity and privacy protection — Guidance on managing information security risks}},
  note  = {{\url{https://www.iso.org/standard/80585.html}}}
}
@manual{bsi_200_3,
  title = {{BSI Standard 200-3: Risk Analysis based on IT Grundschutz}},
  note  = {Version 1.0, October 2017, {\url{https://www.bsi.bund.de/SharedDocs/Downloads/EN/BSI/Grundschutz/International/bsi-standard-2003_en_pdf.pdf?__blob=publicationFile&v=2}}}
}
@manual{bsi_it_grundchutz_compendium,
  title = {{IT-Grundschutz-Compendium}},
  note  = {Final Draft, 1 February 2022, {\url{https://www.bsi.bund.de/SharedDocs/Downloads/EN/BSI/Grundschutz/International/bsi_it_gs_comp_2022.pdf?__blob=publicationFile&v=2}}}
}
@manual{sk_69_2018,
  title = {{69/2018 Z. z., zákon o kybernetickej bezpečnosti a o zmene a doplnení niektorých zákonov}},
  note  = {{Časová verzia predpisu účinná od 01.01.2025, \url{https://www.slov-lex.sk/ezbierky/pravne-predpisy/SK/ZZ/2018/69/}}}
}
@manual{sk_95_2019,
  title = {{95/2019 Z. z., zákon o informačných technológiách vo verejnej správe a o zmene a doplnení niektorých zákonov}},
  note  = {{Časová verzia predpisu účinná od 01.01.2025 do 27.06.2025, \url{https://www.slov-lex.sk/ezbierky/pravne-predpisy/SK/ZZ/2019/95/}}}
}
@manual{sk_362_2018,
  title = {{362/2018 Z. z., vyhláška Národného bezpečnostného úradu, ktorou sa ustanovuje obsah bezpečnostných opatrení, obsah a štruktúra bezpečnostnej dokumentácie a rozsah všeobecných bezpečnostných opatrení}},
  note  = {{Časová verzia predpisu účinná od 01.09.2023, \url{https://www.slov-lex.sk/ezbierky/pravne-predpisy/SK/ZZ/2018/362/}}}
}
@manual{sk_179_2020,
  title = {{179/2020 Z. z., vyhláška Úradu podpredsedu vlády Slovenskej republiky pre investície a informatizáciu, ktorou sa ustanovuje spôsob kategorizácie a obsah bezpečnostných opatrení informačných technológií verejnej správy }},
  note  = {{Časová verzia predpisu účinná od 30.06.2020, \url{https://www.slov-lex.sk/ezbierky/pravne-predpisy/SK/ZZ/2020/179/}}}
}